@inproceedings{kunegis2013konect,
  title={Konect: the koblenz network collection},
  author={Kunegis, J{\'e}r{\^o}me},
  booktitle={Proceedings of the 22nd International Conference on World Wide Web},
  pages={1343--1350},
  year={2013},
  organization={ACM}
}

@article{leskovec2015snap,
  title={{SNAP Datasets}:{Stanford} Large Network Dataset Collection},
  author={Leskovec, Jure and Krevl, Andrej},
  year={2015}
}

@article{watts1998collective,
    title={Collective dynamics of `small-world' networks},
    author={Watts, Duncan J and Strogatz, Steven H},
    journal={Nature},
    volume={393},
    number={6684},
    pages={440--442},
    year={1998},
    _publisher={Nature Publishing Group}
}

@incollection{koschutzki2005advanced,
    title={Advanced centrality concepts},
    author={Kosch{\"u}tzki, Dirk and Lehmann, Katharina Anna and Tenfelde-Podehl, Dagmar and Zlotowski, Oliver},
    booktitle={Network Analysis},
    pages={83--111},
    year={2005},
    _publisher={Springer}
}

@inproceedings{yang2016wikirole,
	title={Who Did What: Editor Role Identification in Wikipedia},
	author={Yang, Diyi and Halfaker, Aaron and Kraut, Robert and Hovy, Eduard},
	booktitle={Conference on Web and Social Media},
	year={2016},
}

@article{liaw2002randomforest,
    title={Classification and regression by randomForest},
    author={Liaw, Andy and Wiener, Matthew},
    journal={R news},
    volume={2},
    number={3},
    pages={18--22},
    year={2002},
}

@inproceedings{oshiro2012rf_ntrees,
    title={How many trees in a random forest?},
    author={Oshiro, Thais Mayumi and Perez, Pedro Santoro and Baranauskas, Jos{\'e} Augusto},
    booktitle={Int. Workshop on Machine Learning and Data Mining in Pattern Recognition},
    pages={154--168},
    year={2012},
    _organization={Springer}
}

@book{serfling2009approximation,
    title={Approximation theorems of mathematical statistics},
    author={Serfling, Robert J},
    volume={162},
    year={2009},
    publisher={John Wiley \& Sons}
}

@misc{sun2016wikitalk,
	author       = {Sun, Jun and Kunegis, J\'er\^ome},
	title        = {Wiki-talk Datasets},
	month        = apr,
	year         = 2016,
	doi          = {10.5281/zenodo.49561},
	url          = {http://dx.doi.org/10.5281/zenodo.49561}
}

@misc{wiki:accesslevel,
	author = "Wikipedia",
	title = "User access levels --- {W}ikipedia{,} The Free Encyclopedia",
	year = "2016",
	url = {https://en.wikipedia.org/w/index.php?title=Wikipedia:User_access_levels&oldid=727508916},
	note = "[Accessed 13-July-2016]"
}

@phdthesis{hall1999correlation,
    title={Correlation-based Feature Selection for Machine Learning},
    author={Hall, Mark A.},
    year={1999},
    school={The University of Waikato},
}

@misc{wiki:botpolicy,
	author = "Wikipedia",
	title = "Bot policy --- {Wikipedia}, The Free Encyclopedia",
	year = "2016",
	url = {https://en.wikipedia.org/w/index.php?title=Wikipedia:Bot_policy&oldid=730456542},
	note = "[Accessed 25-July-2016]"
}
